<record><leader>00000cas a22000007a 4500</leader><controlfield tag="001">11213961</controlfield><controlfield tag="008">840929d18651901ohuwr ne      0   a0eng d</controlfield><datafield ind1=" " ind2=" " tag="010"><subfield code="a">sn 84024201 </subfield></datafield><datafield ind1=" " ind2=" " tag="040"><subfield code="a">NPV</subfield><subfield code="b">eng</subfield><subfield code="c">NPV</subfield><subfield code="d">ONP</subfield><subfield code="d">MGN</subfield><subfield code="d">OCLCQ</subfield></datafield><datafield ind1=" " ind2=" " tag="042"><subfield code="a">msc</subfield></datafield><datafield ind1="0" ind2="4" tag="245"><subfield code="a">The Piqua journal.</subfield></datafield><datafield ind1=" " ind2=" " tag="260"><subfield code="a">Piqua, Ohio :</subfield><subfield code="b">D.M. Fleming</subfield></datafield><datafield ind1=" " ind2=" " tag="300"><subfield code="a">v. :</subfield><subfield code="b">ill. (chiefly advertisements) ;</subfield><subfield code="c">62 cm.</subfield></datafield><datafield ind1=" " ind2=" " tag="310"><subfield code="a">Weekly</subfield></datafield><datafield ind1="1" ind2=" " tag="362"><subfield code="a">Began in 1865? Ceased in 1901. Cf. Gutgesell, S. Guide to Ohio newspapers.</subfield></datafield><datafield ind1=" " ind2=" " tag="588"><subfield code="a">Description based on: Vol. 17, no. 1 (May 4, 1865).</subfield></datafield><datafield ind1=" " ind2=" " tag="752"><subfield code="a">United States</subfield><subfield code="b">Ohio</subfield><subfield code="c">Miami</subfield><subfield code="d">Piqua.</subfield></datafield><datafield ind1="0" ind2="0" tag="780"><subfield code="t">Piqua enquirer</subfield><subfield code="w">(DLC)sn 88077107</subfield></datafield><datafield ind1="0" ind2="7" tag="785"><subfield code="t">Miami leader</subfield><subfield code="w">(DLC)sn 88077108</subfield></datafield><datafield ind1="0" ind2="7" tag="785"><subfield code="t">Miami leader-journal</subfield></datafield></record>